@article{heo2020advanced,
  title={Advanced Bayesian regression in JASP},
  author={Heo, Ihnwhi and van de Schoot, Rens},
  year={2020}
}

@article{heo2020jasp,
  title={JASP for Bayesian analyses with informative priors (using JAGS)},
  author={Heo, Ihnwhi and van de Schoot, Rens},
  year={2020}
}
